%% This BibTeX bibliography file was created using BibDesk.
%% http://bibdesk.sourceforge.net/


%% Created for Lauro Cesar Araujo at 2015-04-27 19:42:19 -0300


%% Saved with string encoding Unicode (UTF-8)


@string{abntex.doc.header = {$Header: /home/cvsroot/abntex/texmf/bibtex/bib/abntex/abntex-doc.bib,v 1.1 2003/03/21 18:28:12 gweber Exp $}}

@INPROCEEDINGS{andreev2010, 
author={K. Andreev and P. Boyko}, 
booktitle={Third International Workshop on Multiple Access Communications}, 
title={ {Simulation Study of VoIP Performance in IEEE 802.11 Wireless Mesh Networks} }, 
year={2010}, 
pages={139-150}, 
month={Setembro},}

@INPROCEEDINGS{graaf2007, 
author={M. de Graaf \textit{et al.}}, 
booktitle={The Sixth Annual Mediterranean Ad-Hoc Networking Workshop}, 
title={Easy Wireless: broadband ad-hoc networking for emergency services}, 
year={2007}, 
month={Junho de},}	

@INPROCEEDINGS{carrano2011, 
author={R. Carrano and L. Magalh√£es and D. Saade and C. Albuquerque}, 
booktitle={IEEE Communications Surveys \& Tutorials}, 
title={ {IEEE 802.11s Multihop MAC: A Tutorial} }, 
year={2011}, 
month={Junho de},}	

@INPROCEEDINGS{hiertz2010, 
author={G. Hiertz and D. Dentenner and S. Max and R. Taori and J. Cardona and L. Berlemann and B. Walke}, 
booktitle={IEEE Wireless Communications}, 
title={ {IEEE 802.11s: The WLAN Mesh Standard} }, 
year={2010}, 
month={Fevereiro de},}	


@online{ns3,
Title={{The Network Simulator 3 (ns-3)}},
url={https://www.nsnam.org/},
urldate = {14/12/2018},
}

@article{andreevsite,
  title={ {IEEE 802.11s Mesh Networking NS-3 Model} },
  author={K. Andreev and P. Boyko},
  url={https://www.nsnam.org/workshops/wns3-2010/dot11s.pdf},
  urldate={14/12/2018}
}

@Article{Hunter:2007,
  Author    = {Hunter, J. D.},
  Title     = {Matplotlib: A 2D graphics environment},
  Journal   = {Computing In Science \& Engineering},
  Volume    = {9},
  Number    = {3},
  Pages     = {90--95},
  abstract  = {Matplotlib is a 2D graphics package used for Python
  for application development, interactive scripting, and
  publication-quality image generation across user
  interfaces and operating systems.},
  publisher = {IEEE COMPUTER SOC},
  doi       = {10.1109/MCSE.2007.55},
  year      = 2007
}
